@article{grelck2019generic,
  title={Generic Parallel Array Programming in SAC},
  author={Grelck, Clemens and Scholz, Sven-Bodo},
  year={2019}
}

@inproceedings{maessen1995semantics,
  title={Semantics of pH: A parallel dialect of Haskell},
  author={Maessen, Shail Aditya Arvind Jan-Willem and Augustsson, Lennart and Nikhil, Rishiyur S},
  booktitle={In Proceedings from the Haskell Workshop (at FPCA 95)},
  pages={35--49},
  year={1995}
}
